<?xml version='1.0' encoding='UTF-8'?>
<record xmlns="http://www.loc.gov/MARC21/slim">
  <leader>00687cam a2200205Ma 4500</leader>
  <controlfield tag="001">7048153</controlfield>
  <controlfield tag="003">NjP</controlfield>
  <controlfield tag="005">20120418115324.0</controlfield>
  <controlfield tag="008">960812s1961    iq            000 0 ara  </controlfield>
  <datafield tag="024" ind1="7" ind2=" ">
    <subfield code="a">princeton_aco002107</subfield>
    <subfield code="2">local</subfield>
  </datafield>
  <datafield ind1=" " ind2=" " tag="010">
    <subfield code="a">   67857000 </subfield>
  </datafield>
  <datafield ind1=" " ind2=" " tag="035">
    <subfield code="a">(OCoLC)ocm81104524</subfield>
  </datafield>
  <datafield ind1=" " ind2=" " tag="040">
    <subfield code="a">DLC</subfield>
    <subfield code="c">HLS</subfield>
    <subfield code="d">UTO</subfield>
  </datafield>
  <datafield ind1=" " ind2=" " tag="019">
    <subfield code="a">223197120</subfield>
  </datafield>
  <datafield ind1=" " ind2=" " tag="035">
    <subfield code="a">(OCoLC)81104524</subfield>
    <subfield code="z">(OCoLC)223197120</subfield>
  </datafield>
  <datafield ind1=" " ind2="4" tag="050">
    <subfield code="a">DS70.95</subfield>
    <subfield code="b">J3</subfield>
  </datafield>
  <datafield ind1="1" ind2=" " tag="100">
    <subfield code="a">Jāwashlī, Hādī Rashīd.</subfield>
  </datafield>
  <datafield ind1="1" ind2="0" tag="245">
    <subfield code="a">Shuʾūn manāṭiq al-ḥudūd fī al-Jumhūrīyah al-ʻIrāqīyah /</subfield>
    <subfield code="c">bi-qalam Hādī Rashīd al-Jāwashlī.</subfield>
  </datafield>
  <datafield ind1=" " ind2=" " tag="260">
    <subfield code="a">Baghdād :</subfield>
    <subfield code="b">al-Maktabah al-Ahlīyah,</subfield>
    <subfield code="c">1961.</subfield>
  </datafield>
  <datafield ind1=" " ind2=" " tag="300">
    <subfield code="a">111 p. ;</subfield>
    <subfield code="c">24 cm.</subfield>
  </datafield>
  <datafield ind1=" " ind2="0" tag="651">
    <subfield code="a">Iraq</subfield>
    <subfield code="x">Boundaries.</subfield>
  </datafield>
  <datafield ind1=" " ind2=" " tag="902">
    <subfield code="a">mh</subfield>
    <subfield code="b">r</subfield>
    <subfield code="6">a</subfield>
    <subfield code="7">m</subfield>
    <subfield code="d">v</subfield>
    <subfield code="f">0</subfield>
    <subfield code="e">20120418</subfield>
  </datafield>
  <datafield ind1="0" ind2=" " tag="852">
    <subfield code="0">6930761</subfield>
    <subfield code="b">nec</subfield>
    <subfield code="h">DS70.95</subfield>
    <subfield code="i">J3 1961</subfield>
  </datafield>
  <datafield ind1=" " ind2=" " tag="959">
    <subfield code="a">2012-04-18 11:53:52 -0400</subfield>
  </datafield>
</record>
